%% This BibTeX bibliography file was created using BibDesk.
%% http://bibdesk.sourceforge.net/


%% Created for Moreno Carullo at 2007-05-01 15:45:35 +0200 


%% Saved with string encoding Western (ASCII) 



@inbook{Goldreich97,
	Author = {O.Goldreich, S.Goldwasser, S.Halevi},
	Chapter = {Lecture Notes in Comput.Sci.},
	Date-Added = {2007-05-01 15:39:14 +0200},
	Date-Modified = {2007-05-01 15:44:55 +0200},
	Journal = {Advances in cryptology},
	Pages = {112-131},
	Publisher = {Springer},
	Title = {Public-key cryptosystems from lattice reduction problems},
	Volume = {1294},
	Year = {1997}}

@techreport{Goldreich96,
	Author = {O.Goldreich, S.Goldwasser, S.Halevi},
	Date-Added = {2007-05-01 14:50:44 +0200},
	Date-Modified = {2007-05-01 15:45:35 +0200},
	Institution = {Electronic {C}olloquium on {C}omputational {C}omplexity (ECCC)},
	Number = {TR96-056},
	Read = {Yes},
	Title = {Collision-free hashing from lattice problems},
	Year = {1996}}
	
@misc{Chio,
	Title = {Chi\`o {P}ivotal {C}ondensation},
	Institution = {Wolfram Research},
	Note = {\url{http://mathworld.wolfram.com/ChioPivotalCondensation.html}}}

@misc{Pldoc,
Title = {PlDoc, Documentation for {P}rolog},
Institution = {University of Amsterdam},
Note = {\url{http://www.swi-prolog.org/packages/pldoc.html}}
}

@misc{Plunit,
Title = {Prolog {U}nit {T}ests},
Institution = {University of Amsterdam},
Note = {\url{http://www.swi-prolog.org/packages/plunit.html}}}